2825 4859
214 291 303 409 stu
457 286 475 377 J
560 369 565 377 ,
657 287 928 355 tuentur

157 472 163 505 ι
214 455 236 519 4
263 468 328 539 per
322 443 573 515 absentiam
543 467 614 515 erus
626 468 647 512 a
658 443 833 515 Demetrio
844 444 1013 519 delacero.
1049 402 1294 518 l’tolemaeus
1286 471 1379 541 quo·

232 575 330 642 qne
348 571 409 620 rex
429 548 597 641 Aegypti,
617 516 718 619 bello
736 549 782 617 ab
805 548 928 618 eodem
942 550 1084 642 petitus,
1111 574 1218 641 quum
1237 575 1379 674 cogno·

262 655 376 739 vbset,
402 650 623 744 Cleopatram
645 673 797 722 sororem
810 676 924 740 suam,
951 653 1074 745 opibus
1096 656 1254 748 Aegypti
1270 658 1377 727 ’navi-

261 759 325 826 bus
337 755 519 849 impositis,
546 756 591 823 ad
604 755 710 823 liliam
725 765 759 825 et
773 755 985 827 Demetrium
999 779 1165 849 generum
1185 760 1221 827 iu
1235 760 1375 851 Syriam

247 861 472 954 profugisse,
498 858 645 927 immittit
663 860 820 929 iuvenem
835 860 1007 950 quendam
1025 861 1254 953 Aegyptium,
1282 866 1374 933 Pro-

181 1002 193 1019 ‹
261 962 372 1035 tarcbi
386 960 604 1054 negotiatoris
617 961 746 1050 filium,
769 963 829 1055 qui
846 986 991 1057 regnum
1005 964 1124 1054 Syriae
1148 966 1248 1035 armis
1268 976 1374 1059 pete-

116 1114 118 1123 .
146 1095 152 1105 ¹
183 1074 187 1087 ’
212 1079 233 1144 5
261 1078 329 1153 ret,
349 1075 391 1141 ,et
404 1066 593 1157 composita
607 1066 744 1157 sabula,
770 1067 865 1157 quasi
885 1090 950 1160 per
966 1062 1185 1158 adoptionem
1203 1070 1373 1143 Antiochi

260 1171 351 1264 regis
371 1176 528 1260 receptes
542 1168 754 1243 infantilium
769 1171 902 1264 regiam
919 1179 1022 1257 esset,
1046 1192 1111 1241 nec
1128 1173 1233 1262 Syriis
1246 1196 1371 1263 quem-

141 1338 150 1351 ,
216 1346 220 1353 ,
238 1340 244 1349 ,
260 1276 346 1347 libet
357 1296 479 1371 mgem
492 1275 762 1365 aspernantibus,
786 1298 832 1345 ue
846 1274 1010 1343 Demetrii
1033 1280 1229 1366 paterebtur
1245 1300 1370 1369 super-

217 1462 221 1471 ,
260 1379 368 1447 ιιίιιιιι
393 1399 521 1446 nomeu
534 1377 647 1446 iuveni
658 1377 866 1449 Alexandri
880 1378 1082 1471 imponitur,
1107 1379 1300 1470 auxiliaque
1323 1383 1368 1451 ab

212 1497 233 1559 6
261 1484 424 1575 Aegypto
444 1481 594 1573 ingentia
609 1480 791 1552 mittuntur.
830 1482 963 1551 Interea
978 1503 1102 1573 corpus
1115 1483 1300 1569 Antiochi,
1314 1487 1368 1554 iu-

260 1582 430 1659 terfectia
449 1604 533 1677 rege
550 1582 811 1673 Parthorum,
802 1606 837 1653 ιιι
856 1586 971 1656 loculo
986 1594 1156 1681 argenteo
1180 1585 1227 1655 ad
1249 1588 1367 1682 sepul·
1400 1605 1402 1613 '

260 1701 370 1758 turam
389 1687 424 1757 in
443 1688 576 1779 Syriam
593 1688 768 1759 remissum
791 1692 998 1782 supervenit.
1024 1689 1119 1780 quod
1140 1713 1218 1760 cunr
1237 1690 1366 1793 ingenti

147 1822 149 1831 ’
258 1793 372 1864 studio
388 1792 571 1863 oiribtiutn
586 1801 620 1862 et
636 1792 728 1886 regis
746 1793 947 1879 Alexandri,
974 1793 1020 1863 ad
1038 1793 1239 1863 firmandam
1261 1796 1363 1865 fabu-

259 1899 316 1966 lae
329 1896 451 1981 iidem,
478 1895 652 1986 excipitur.
705 1895 806 1983 Quae
821 1919 875 1965 res
887 1896 938 1964 illi
953 1919 1115 1990 maguum
1126 1898 1281 1967 favorem
1297 1921 1365 2003 po·

259 2000 430 2092 pular'iutn
453 1999 660 2084 conciliavit,
688 1999 845 2069 omnibns
859 2021 928 2068 non
940 2000 1060 2071 lictus
1050 2023 1084 2068 m
1100 2022 1166 2088 eo,
1181 2000 1254 2070 sed
1270 2026 1362 2071 veras

97 2146 106 2159 ·
211 2116 231 2177 7
258 2103 412 2175 lacrimas
425 2103 694 2175 existimantibus
745 2100 937 2173 Demetrius
954 2112 1067 2174 autem
1080 2103 1185 2174 victus
1198 2106 1243 2175 ab
1256 2107 1363 2176 Aler-

260 2207 385 2293 andro,
410 2226 519 2296 quum
543 2206 694 2296 undique
715 2207 1004 2278 circumstantibus
1026 2208 1123 2277 malis
1142 2219 1362 2302 prementum,

209 2327 231 2394 3
259 2304 311 2381 ιιι
320 2304 529 2404 postremum
543 2310 643 2381 etiam
658 2311 701 2381 ab
715 2318 820 2385 uxore
832 2310 978 2405 ιΙΙΙΙιιῙιιι
991 2311 1166 2383 deseritm.
1212 2313 1362 2399 Bellona

183 2524 198 2560 e
277 2495 347 2566 §.8-
367 2509 396 2550 et
418 2498 569 2568 composita
584 2494 699 2567 fabula·
742 2500 903 2568 componere
925 2494 961 2548 itt
980 2492 1043 2548 bier
1064 2492 1168 2558 toriel,
1192 2492 1234 2547 uls
1244 2497 1361 2569 fingere,

54 2624 59 2641 .
117 2636 123 2649 ‚
207 2581 260 2636 mit
280 2581 346 2635 dem
365 2597 395 2633 er
411 2579 556 2634 birweilen
573 2580 647 2635 auch
664 2579 831 2635 verbunden
845 2580 944 2636 wird-
959 2583 1012 2651 iu,
1032 2583 1065 2650 t,
1083 2584 1134 2639 17:
1153 2584 1251 2655 Neque
1267 2584 1362 2639 meat

14 2672 18 2683 “
207 2672 376 2742 antiquirin
388 2669 556 2723 dulcedinem
567 2667 686 2738 fabulae
702 2666 962 2737 compositum,
978 2670 1028 2721 sed
1048 2683 1121 2722 metu
1140 2683 1169 2723 et
1182 2671 1363 2725 admiratione

208 2758 416 2811 transeuntium.
457 2753 728 2820 Liv.xu,1t,7=
759 2753 1084 2817 Nocturncltacficlo
1109 2755 1361 2831 etccmpotito

207 2855 383 2915 argumento,
402 2857 447 2893 wo
465 2841 660 2909 Drakenborch
677 2855 772 2893 autter
788 2857 906 2893 tumeret
922 2839 1007 2907 Stella
1023 2837 1100 2894 uoch
1112 2839 1278 2910 vergleicht.
1304 2847 1361 2898 Liu.

194 2934 259 2994 illl,
280 2932 335 2996 10,
348 2931 397 2983 10:
420 2929 532 2982 Tribuni
550 2946 643 2982 coram
661 2929 692 2979 in
704 2925 773 2997 foro
786 2945 950 2997 personare,
968 2927 1098 3001 fabulam
1120 2929 1362 2997 compositam

168 3050 173 3069 ι
211 3017 305 3074 Volsci
319 3015 393 3068 belli.
442 3017 537 3068 Senes.
551 3014 659 3067 Goneol.
674 3012 714 3065 cd
727 3013 808 3065 Helo.
825 3013 873 3067 16:
898 3015 1166 3084 Peripsumtamen
1182 3016 1362 3084 compoti·

207 3110 281 3155 tum
304 3099 519 3173 fictumque
536 3101 642 3154 nubum
664 3099 795 3152 lacrimae
812 3097 1028 3170 profunduntur.
1055 3124 1091 3137 -
1130 3101 1161 3151 ln
1183 3097 1239 3153 deu
1257 3117 1361 3156 neaera

58 3200 61 3209 ’
104 3243 108 3249 ,
207 3184 354 3258 durgaben
370 3185 407 3241 itt
423 3200 478 3237 ven
496 3183 552 3237 den
572 3183 786 3254 lieraurgebern
803 3181 1102 3238 maternarum.
1119 3183 1169 3239 dte
1185 3200 1215 3241 et
1230 3203 1284 3240 ror
1295 3209 1363 3243 een·

204 3280 299 3352 posita
322 3271 366 3325 alr
387 3270 567 3327 mutarem
589 3270 765 3342 garriebam
793 3272 868 3327 uach
887 3271 996 3329 maiust
1018 3270 1132 3327 emieat
1146 3272 1209 3337 ,mit
1234 3274 1361 3328 Uareeht.

206 3362 290 3415 Deua
307 3357 466 3429 etgarum
483 3357 592 3424 dauon,
610 3357 673 3411 date
689 3358 764 3412 diere
776 3358 901 3413 Partikel
912 3357 942 3411 iu
959 3356 1035 3410 allen
1049 3355 1269 3435 Handschritten
1280 3360 1360 3430 steht,

206 3465 238 3501 to
257 3443 559 3517 euupricbtdieeelb03
577 3442 633 3496 war
651 3443 696 3496 die
714 3446 908 3517 Hereusgeber
925 3443 1081 3499 iiberseben
1097 3442 1205 3512 haben,
1222 3443 1286 3498 lrier
1299 3444 1360 3500 dem

145 3524 150 3545 ⁸
205 3531 359 3604 folgenden
380 3552 444 3598 nec,
462 3531 576 3597 indern,
596 3531 649 3585 wie
668 3530 760 3597 diter,
780 3530 871 3585 durch
889 3546 918 3586 et
931 3551 1023 3585 -nec
1041 3528 1086 3583 eia
1102 3530 1290 3586 affirmativer
1307 3532 1360 3587 und

113 3626 117 3631 '
204 3619 349 3691 riegativer
370 3621 434 3670 Satn
451 3617 615 3671 verbunden
632 3617 712 3673 wird.
746 3615 819 3684 Vlll,
834 3621 869 3682 6,
887 3619 919 3672 8.
936 3616 1012 3672 Nem
1028 3633 1096 3670 uec
1112 3620 1187 3673 ineo
1202 3622 1359 3693 iuecagna·

203 3712 288 3763 tranis
301 3708 442 3770 mrucuit,
460 3724 506 3760 eut
500 3707 625 3761 ademit
643 3722 773 3777 regnum,
794 3712 832 3758 ct
847 3724 926 3769 erun,
943 3724 988 3758 cut
984 3705 1094 3772 dedit,
1113 3682 1281 3777 impudicum
1292 3707 1360 3778 feeit

203 3810 487 3867 ‹tritaquamregem-¹
522 3795 582 3855 oie,
595 3797 654 3848 Cat
667 3794 720 3858 ΙΙΙ,
737 3793 773 3858 8,
790 3792 842 3847 20:
859 3795 961 3864 Itaque
973 3791 1085 3854 illorum
1095 3795 1358 3863 reeponerttuneet

155 3876 165 3893 ‘³
202 3884 263 3936 ludi
280 3884 439 3951 decemper
458 3880 605 3953 dietfaoti
611 3874 694 3951 sacti
707 3893 787 3973 eunt,
807 3893 931 3949 nequo
947 3897 991 3933 ree
1007 3877 1179 3953 ullo„quae
1193 3880 1232 3933 ad
1241 3881 1358 3951 placan-

201 3967 332 4027 dandene
343 3968 513 4039 pertineret,
531 3962 807 4040 praetermissarum
823 3981 867 4017 wo
885 3960 979 4017 maine
995 3959 1173 4034 Bemerlrang
1189 3980 1223 4016 zu
1243 3962 1358 4036 rerglei·

200 4045 337 4110 cheam.

114 4136 118 4150 '
268 4160 368 4207 nomen
382 4142 473 4192 iuvent
469 4139 644 4197 'Alexandri
656 4108 815 4211 imponitur.
858 4140 968 4191 Gronov
991 4133 1106 4187 dudem
1124 4136 1262 4208 unndthig
1278 4139 1357 4192 Alce-

184 4229 314 4285 ,andro
362 4227 452 4289 XLtI,
469 4225 503 4292 2,
522 4228 553 4281 2:
574 4229 794 4296 eairergeetae
803 4220 934 4300 Magni
956 4240 1105 4293 cognomen
1123 4223 1229 4278 dedere
1270 4225 1297 4277 8.
1314 4221 1356 4287 die

94 4394 98 4401 x
200 4316 330 4371 anmerk.
347 4313 428 4376 Xlll,
440 4311 480 4382 l,
487 4313 560 4370 ..le
