2825 4859
245 251 352 366 ,ἢχ
420 261 757 362 raouocr.
838 223 863 344 s
1009 371 1013 376 f
1068 251 1158 354 tm
1269 275 1270 280 '

82 501 84 506 ,
137 427 152 512 ’ξ
246 399 873 532 PnonocuerrranXlllV.

78 544 213 631 Quarto
237 550 286 638 et
292 525 460 612 tricesimo
480 512 656 612 volumine
679 531 891 612 continentur
918 540 1017 614 haec.
1065 537 1185 610 Bel

64 676 70 716 ι
101 643 312 733 Achaicum,
346 647 463 735 qumi
472 645 622 714 Romani
658 668 724 737 per
758 619 941 715 Metellum
973 645 1017 713 et
1040 643 1207 712 Μιιιιι-

64 775 106 819 rm
129 773 289 844 gessere.
324 772 393 840 quo
424 750 536 819 diruta
567 759 616 819 est
624 748 842 870 Coripthus
901 749 1040 818 Bellum
1068 746 1177 838 regis,

64 857 258 966 moriscum
281 851 539 946 Gallograecis,
564 853 657 922 etin
679 852 806 925 Pisulia
830 876 908 926 cum
932 851 1161 971 Selgepsibus.
1263 919 1266 934 ‚
1319 838 1352 858 ''

63 981 178 1047 squas
201 943 277 1050 gess
263 958 303 1023 sit
323 958 442 1047 Syriae
464 979 524 1032 rer
544 955 753 1077 Antiochus,
775 967 819 1026 et
831 978 892 1025 rex
903 941 1077 1047 Aegypti
1076 954 1163 1023 Pto·
1200 1011 1209 1058 3
1274 975 1276 980 ·

63 1063 162 1130 naeus
230 1061 413 1152 Repetitae
448 1059 531 1128 inde
566 1059 738 1154 origines
749 1083 872 1154 regum
884 1037 1161 1152 Cappadocum
1259 1139 1262 1148 Α

88 1174 223 1232 mortuo
240 1163 449 1260 Epiphane
467 1163 684 1245 Ptolemaeo,
718 1148 827 1233 relicti
857 1163 901 1232 ab
930 1185 972 1232 eo
1003 1162 1064 1230 filii
1093 1161 1177 1228 duo>
1264 1211 1268 1220 r

62 1269 218 1349 ilometor
250 1277 284 1336 et
306 1268 512 1367 Euergetes,
540 1267 792 1357 primumcum
814 1265 987 1336 Antiocho
1009 1251 1165 1358 hahuere
1217 1259 1228 1312 ἶ
1285 1309 1289 1320 -
1323 1271 1327 1284 '

63 1372 160 1459 lum,
186 1369 281 1460 quod
311 1394 375 1460 per
400 1372 576 1439 Romanos
602 1370 733 1468 linitum
755 1381 821 1438 est.
855 1369 979 1437 deinde
1001 1365 1088 1437 inter
1117 1367 1166 1464 s'e,
1254 1389 1257 1404 ·

62 1499 75 1543 ι
97 1475 205 1542 maior
226 1483 275 1542 est
297 1461 747 1567 expulsus31estitutoquc,
767 1475 917 1542 Romani
938 1475 1025 1541 inter
1046 1474 1164 1570 fratres

62 1603 113 1666 gna
141 1573 330 1648 diviserunt.
389 1578 439 1648 Ut
462 1583 597 1645 mortuo
619 1601 705 1670 rege
726 1576 845 1667 Syriae
871 1576 1065 1666 Antiocho,
1078 1557 1165 1648 Dc·

61 1683 145 1751 ιιιιιι
175 1682 378 1774 cognomine
407 1683 528 1767 Soter,
554 1681 612 1770 qui
635 1681 770 1751 Rornae
797 1680 909 1752 fuerat
934 1682 1049 1765 obses,
1074 1680 1166 1750 clam
1227 1733 1231 1738 .

61 1786 113 1876 {523
145 1789 381 1876 occupataque
404 1784 520 1875 Syria,
545 1784 677 1854 bellurn
701 1806 780 1854 cum
802 1769 991 1854 Timarcho
1014 1783 1166 1880 Merleo

61 1914 85 1957 ιι
112 1881 195 1980 rege
223 1888 363 1973 habuit,
389 1885 569 1957 Ariarathe
594 1910 679 1979 rege
710 1886 973 1978 Cappadocum.
1024 1886 1075 1956 Ut
1098 1887 1166 1958 ha·
1165 1862 1237 1972 ἰζ
1313 1907 1322 1920 ¹

60 2017 79 2061 a
100 1991 186 2060 inter
207 1990 421 2060 Ariarathem
443 1999 479 2068 et
498 1976 740 2086 Orophernem
757 1993 856 2084 regni
872 1991 1081 2070 certamina.
1115 1989 1173 2061 Ut
1247 1970 1256 2016 ξ

60 2103 160 2164 rrtuo
169 2117 254 2186 rege
276 2095 377 2165 Asiae
389 2085 578 2181 Eumene,
596 2093 758 2165 suffectus
780 2094 915 2167 Attalus
926 2095 1068 2168 bellurn
1088 2095 1188 2186 crim,
1232 2112 1256 2178 j

60 2197 228 2294 lgensibus
249 2196 388 2287 habuit,
414 2206 450 2268 et
470 2221 550 2270 cum
570 2221 656 2293 rege
675 2197 802 2269 Pnuia.

309 2386 707 2464 Ριιοιιιιιιιιῑιιιιιιι
730 2385 941 2480 mlxv.

91 2505 218 2593 Quinto
239 2515 273 2576 et
295 2505 467 2579 tricesimo
496 2509 668 2578 volumine
692 2509 903 2580 continentur
930 2505 1053 2579 haec.
1079 2507 1169 2586 Bel·
1238 2515 1241 2526 ⁴

59 2635 85 2679 n
107 2595 290 2682 Piruticum
312 2611 399 2680 inter
419 2610 536 2682 Cretas
558 2622 593 2681 et
617 2611 797 2683 Rhodios:
817 2611 943 2704 sethtio
967 2592 1176 2706 Cnidiorum

62 2738 192 2784 versum
228 2715 460 2789 Ceramenses.
525 2716 572 2785 Et
608 2716 769 2785 adversus
797 2699 1011 2786 Demetrium
1047 2716 1170 2788 Sotera
1241 2785 1246 2796 ,
1289 2803 1308 2816 Ι,

59 2821 213 2888 bomatus
231 2828 282 2887 est
303 2807 515 2924 Alexander,
547 2829 708 2910 tanquam
731 2811 866 2914 genitus
874 2810 1076 2913 Epiphane
1096 2822 1170 2891 An·

59 2921 152 3005 cho;
176 2943 246 3011 quo
269 2914 364 2991 bello
382 2924 493 2992 victus
515 2922 759 3008 Demetrius,
749 2924 891 2993 mvisum
910 2924 1049 2993 stultitia
1063 2925 1170 2994 Alex-

61 3026 161 3094 dmm
178 3025 273 3094 hello
296 3025 392 3112 vicit,
418 3026 598 3094 adiuvante
612 3027 813 3095 Ptolemaeo
834 3026 1087 3118 Philometore,
1112 3028 1171 3120 qui
1216 3080 1241 3116 n
1273 3067 1281 3080 f

94 3129 187 3197 bello
220 3128 355 3203 interiit.
419 3127 470 3199 Ut
505 3127 631 3199 deinde
666 3138 741 3197 orta
775 3129 951 3199 Demetrio
979 3129 1089 3200 bella
1106 3132 1171 3202 sint

62 3255 95 3312 m
122 3231 274 3300 Diodoto
307 3230 515 3326 Tryphone:
547 3232 774 3325 expulsosque
800 3256 821 3301 a
847 3233 1052 3355 Tryphone
1060 3233 1180 3340 regno*

59 3336 135 3404 riae
159 3329 361 3406 Demetrius
420 3335 561 3426 Repetit
580 3336 673 3406 inde
701 3337 884 3428 superioris
911 3340 1015 3411 Asiae
1048 3349 1171 3458 motus,

59 3447 125 3530 ctos
146 3459 217 3533 per
231 3440 395 3511 Areteum
412 3449 446 3512 et
468 3441 631 3566 Arsacem
653 3439 831 3513 Parthum.

297 3629 536 3699 Pronoaus
561 3627 700 3699 Lranr
724 3627 892 3701 XXXVI.

93 3742 198 3817 Sexto
210 3755 257 3817 et
275 3747 446 3820 tricesimo
469 3749 641 3819 volumine
655 3750 866 3824 continentur
880 3750 980 3842 haec.
1016 3747 1067 3821 Ut
1079 3748 1173 3856 Try·

59 3873 109 3932 ro;
133 3852 234 3945 pulso
263 3852 363 3943 Syria
392 3852 584 3976 Demetrio,
611 3865 783 3947 captoque
806 3833 1014 3941 aParthis,
1042 3845 1173 3925 bellum

59 3955 120 4023 ssit
151 3976 231 4026 curn
263 3954 367 4025 fratre
400 3959 470 4028 eius
500 3956 674 4028 Antiocho
704 3960 910 4058 cognomine
932 3958 1061 4028 Sidete.
1122 3953 1173 4029 Ut
1237 3960 1244 3972 '

59 4058 224 4150 rtiochus,
246 4057 424 4150 interfecto
440 4062 622 4154 Hyrcano,
646 4062 798 4133 Iudaeos
815 4062 961 4157 subegit.
1011 4061 1173 4154 Repetite

59 4161 134 4237 rle
123 4186 158 4233 ιιι
184 4173 321 4235 excessu
350 4161 449 4257 origo
481 4164 696 4235 ludaeorum.
752 4163 803 4235 Ut
830 4190 889 4237 rex
910 4165 1014 4238 Asiae
1038 4153 1173 4237 Attalus
1232 4155 1241 4160 ’

59 4288 152 4350 renos
181 4259 350 4341 Thracas
357 4269 511 4364 subegit,
543 4289 840 4365 successoremque
859 4270 994 4366 impelii
1017 4271 1170 4343 Attalum
