2825 4859
311 226 940 373 ursuori.,n1u.'xxx1v.cae.s
1016 314 1022 325 ’
1138 306 1228 385 ιιι,
1279 376 1296 389 ,,

51 459 192 554 templo
219 440 367 532 exercitu
388 457 589 557 deportato,
614 466 649 530 et
668 459 825 530 omnibus
849 466 983 532 rhenus
1008 460 1162 554 provisis,
1268 532 1270 537 ⁴

51 563 240 658 pugnandi
255 563 391 655 copiam
401 563 557 634 hostibus
569 563 660 633 fecit.
711 562 785 634 Sed
796 559 945 650 Achaei,
969 565 1063 635 velut
1076 565 1161 634 nihil
1189 575 1212 637 2
1264 608 1268 631 ι

51 667 191 786 negotii
204 668 363 736 Romano
378 666 474 736 bello
493 665 730 759 suscepissent,
756 667 803 735 ita
815 667 911 759 apud
932 688 991 736 eos
1004 669 1164 761 neglecta

54 770 175 877 omnia
199 777 234 839 et
254 770 364 839 soluta
392 768 525 847 tuere„
549 770 668 861 Itaque
688 770 873 863 praedam,
899 792 967 841 non
991 773 1163 863 proelium
1191 780 1212 842 8

53 856 264 967 cogitantes,
291 880 326 944 et
346 872 504 944 vehicula
517 873 563 941 ad
583 873 696 965 spolia
716 870 865 943 hostium
876 874 1083 967 reportanda
1096 873 1165 945 du·

53 985 200 1062 xerunt,
229 986 265 1045 et
276 997 442 1069 coniuges
464 972 657 1067 liberosque
675 999 753 1056 snos
773 977 819 1046 ad
839 978 1071 1069 spectaculum
1088 999 1166 1047 cer-

54 1080 194 1151 taminis
216 1079 251 1148 in
271 1081 438 1149 montibus
469 1088 667 1172 posuerunt.
719 1080 790 1151 Sed
814 1081 948 1173 proelio
974 1082 1167 1166 commisso,
1192 1090 1215 1153 4
1252 1079 1275 1091 ”

55 1193 141 1255 ante
170 1182 290 1252 oculos
312 1205 452 1253 snorum
472 1183 578 1270 caesi,
608 1183 756 1275 lugubre
773 1182 831 1252 his
857 1187 1107 1277 spectaculum,
1132 1191 1168 1279 ct

45 1300 209 1382 'gravem
227 1280 383 1357 luctus
353 1287 554 1357 memoriam
573 1287 811 1376 reliquerunt
841 1285 1015 1381 Coniuges
1031 1308 1170 1379 qnoque
1194 1291 1217 1360 6
1241 1344 1246 1360 ,

56 1389 231 1478 liberique
251 1366 387 1490 eoruin,
419 1388 465 1459 de
489 1390 735 1509 spectatoribus
761 1390 886 1482 captivi
913 1391 1012 1481 tacti,
1034 1389 1168 1484 praeda
1315 1389 1317 1397 ’

50 1494 214 1565 hostiurn
243 1491 350 1564 fuere
375 1437 530 1562 Urbs'
520 1515 596 1585 rpsa
622 1492 807 1562 Corinthus
828 1493 985 1565 diruitur.
1016 1490 1217 1587 populosi

58 1596 174 1667 omnis
187 1595 249 1683 sub
264 1617 391 1677 corona
406 1595 577 1665 venditur:
601 1605 639 1665 ut
653 1594 724 1667 h'oc
738 1597 896 1689 exemplo
912 1597 1031 1668 ceteris
1049 1596 1168 1670 civita-

57 1703 153 1771 tibus
169 1706 276 1769 metus
291 1721 454 1768 novarum
470 1722 583 1768 rerum
597 1696 811 1785 incuteretur
844 1698 944 1768 D'urn
951 1700 1039 1772 haec
1055 1721 1167 1795 agon·
1193 1708 1215 1770 7
1333 1763 1339 1769 .

59 1815 138 1891 ιιι,
163 1824 223 1871 rex
236 1800 354 1892 Syriae
372 1801 560 1873 Antiochus
572 1803 792 1888 Ptolemaeo,
816 1802 935 1872 maiori
952 1803 1074 1897 suroris
1087 1826 1167 1871 suae

61 1908 158 1989 filio,
184 1904 260 1995 regi
280 1905 473 1997 Aegypti,
477 1905 609 1975 bellurn
633 1905 752 1991 infert,
768 1906 875 1998 segni
900 1888 1106 2027 admodum,
1132 1913 1168 1975 et
1275 1976 1278 1987 ,
1376 1864 1381 1875 ἡ

62 2007 468 2101 quotidianaluxuriaita
480 2008 652 2097 marcenti,
676 2017 795 2081 utnon
811 2008 1169 2102 solumregiaemaie-
1224 2069 1227 2075 ,

63 2113 160 2183 statis
179 2110 317 2180 officia'
307 2111 557 2196 rutermitteret,
582 2135 699 2181 verum
720 2112 821 2181 etiam
837 2136 939 2188 sensu
953 2111 1148 2181 hominis'
1117 2135 1169 2179 ιιι-

63 2216 138 2288 mia
155 2213 272 2306 sagina
286 2224 426 2285 careret.
468 2214 611 2284 Pulsus
601 2215 707 2309 igitur
720 2237 830 2308 regno
846 2216 892 2284 ad
906 2215 1045 2285 fratrem
1059 2217 1176 2285 mino-
1198 2224 1220 2288 8

53 2308 143 2423 {rem
166 2305 399 2421 Ptolemaeum
424 2317 664 2405 Alexandriam
687 2319 862 2411 confugit,
896 2320 1209 2475 participemque

65 2445 150 2496 cum
166 2441 208 2489 eo
223 2443 342 2514 regno,
353 2403 493 2514 legatos
507 2421 656 2493 Romam
673 2422 884 2491 adsecutum
898 2423 1154 2521 mittunt,anrn

64 2516 116 2596 lia
134 2530 271 2616 petunt,
296 2523 403 2593 fidem
421 2523 589 2597 societatis
610 2525 804 2619 implorant
856 2523 1001 2596 Movere
1021 2500 1173 2596 senatum
1237 2506 1238 2509 Ἴ

65 2650 191 2724 preces
202 2626 355 2699 fratrum.
579 2656 580 2661 ¹
1286 2636 1288 2641 ’

123 2763 212 2837 (ιιι.
235 2763 299 2832 ΠΙ.
348 2761 495 2835 Mittitur
515 2763 628 2859 itaque
649 2764 783 2859 legatus
801 2765 957 2859 Popilius
980 2765 1025 2863 agl
1047 2740 1170 2835 Antio·
1201 2772 1234 2836 ι’

69 2867 198 2957 chum,
223 2869 284 2957 qui
297 2864 473 2936 obstinere
488 2864 589 2937 illum
609 2868 793 2962 Aegypto,
819 2867 913 2956 aul,
925 2871 958 2940 si
971 2872 1046 2939 iam
1059 2871 1174 2938 inces-

68 2973 192 3059 sisset,
218 2970 393 3063 excedere
412 2971 554 3056 iuberet
607 2973 723 3057 Quum
736 2973 778 3055 in
795 2975 957 3066 Aegypto
981 2995 1059 3041 eum
1078 2972 1175 3040 inve·
1201 2979 1225 3041 2

68 3075 192 3160 nisset,
220 3073 440 3164 osculumque
459 3075 491 3142 ei
507 3096 567 3143 rex
587 3070 776 3156 obtulissem
802 3077 897 3168 (narn
921 3074 1073 3148 coluerat
1090 3075 1177 3142 inter
1230 3141 1233 3147 ,
1320 3128 1323 3134 .

70 3187 206 3251 eeteros
226 3177 399 3268 Popilium
418 3176 626 3263 Antiochus,
651 3201 758 3269 quum
773 3180 909 3247 Rerum
930 3180 1029 3248 obses
1055 3186 1141 3275 esset
1148 3176 1175 3266 3)

70 3292 166 3353 tuuc·
177 3279 331 3371 Popilius
350 3277 531 3371 facessere
544 3281 685 3367 interim
699 3270 888 3373 privatam
909 3281 1106 3350 amicitiam
1121 3279 1175 3361 iu·
1356 3361 1358 3364 Ι

70 3375 153 3471 het,
186 3405 294 3477 quum
307 3383 499 3454 mundata
522 3384 672 3478 patriae
701 3384 941 3455 intercedunt:
972 3383 1177 3480 prolatoque
1204 3388 1226 3451 3

147 3616 171 3688 §-
188 3618 215 3674 6.
233 3614 283 3670 rub
296 3633 395 3670 corona
409 3616 545 3671 venditur.
579 3617 607 3671 8.
625 3613 672 3668 (lie
688 3619 818 3671 Anmerk.
836 3633 871 3670 uu
887 3621 964 3685 vlit,
980 3618 1014 3686 3,
1031 3617 1060 3673 3.

147 3704 173 3772 ιζ
188 3705 214 3761 7.
234 3704 333 3756 maiori
347 3705 448 3758 sororis
463 3702 614 3772 suaefllio.
647 3700 698 3756 Ich
715 3701 788 3755 habe
806 3703 851 3757 dic
867 3705 964 3758 Lerart
980 3696 1232 3756 mehrcrerliand·

74 3788 218 3846 schriftcn
235 3783 408 3849 uufnehmen
424 3800 459 3855 zu
475 3784 588 3840 miissen
605 3787 756 3859 geglaulrt,
773 3787 817 3840 die
835 3789 1027 3861 gewiihnliche
1043 3786 1174 3842 maioris.
1184 3778 1234 3839 soss·
1262 3801 1265 3823 ¹

13 3898 20 3927 ι
73 3881 151 3935 roris
164 3876 320 3945 rurestris,
336 3872 373 3925 ist
390 3890 441 3926 aur
457 3873 548 3927 sineru
565 3871 631 3926 sehr
645 3873 778 3944 hiiuiigen
790 3875 891 3929 Fehler
907 3872 958 3931 der
973 3875 1157 3941 Abschreiber
1172 3881 1235 3924 eot-

73 3958 206 4016 Biflnden·
248 3964 274 4013 S.
292 3959 338 4013 dic
355 3964 483 4015 Atimerk.
500 3976 535 4011 zu
548 3958 668 4020 XXVII,
686 3962 720 4026 3,
740 3964 791 4018 12:
817 3966 897 4035 quasi
912 3977 941 4017 et
956 3964 1096 4035 germanis
1115 3962 1233 4039 casibus.

45 4044 48 4055 '
74 4078 114 4091 -
137 4047 233 4099 Dieser
246 4046 439 4114 Ptolemaeus,
463 4046 516 4098 mit
534 4045 599 4111 dem
619 4045 767 4099 Beinamen
786 4047 974 4114 Philometor,
999 4064 1058 4099 war
1076 4047 1127 4097 der
1146 4045 1239 4097 &ltere

75 4132 172 4198 Sohn,
197 4131 248 4184 der
271 4131 393 4203 Jiingere
415 4131 514 4184 iiihrte
543 4132 588 4184 die
606 4132 759 4186 Beinameu
778 4135 917 4204 Euergetas
934 4131 991 4186 und
1010 4130 1154 4199 Physkon,
1180 4129 1235 4181 den

74 4221 200 4273 letztern
215 4234 314 4290 wegen
330 4220 423 4272 seiner
438 4216 541 4291 Dickc,
563 4218 698 4274 weshalb
704 4220 753 4274 des
770 4219 833 4273 hier
848 4235 916 4273 rom
928 4218 1016 4273 lustin
1024 4219 1143 4295 Gesngte
1153 4215 1235 4269 mehr

76 4304 132 4360 aui
148 4302 198 4357 ihu
212 4311 296 4374 parit.

462 4392 468 4425 ι
