2825 4859
1225 217 1283 285 lis

209 348 223 379 ³
296 316 485 413 ursron
508 324 590 413 um
612 316 779 427 xxnuur.
803 348 920 462 car
929 357 977 455 ιο
1150 357 1213 422 ιιι
1244 400 1266 429 ι,

50 508 155 579 onius
178 530 294 577 amore
312 509 437 602 populi
458 508 550 578 ferro
575 507 744 580 dimicant.
781 459 1000 580 culinarum
1023 521 1212 601 quoquot
1227 551 1230 553 ·

50 621 222 705 argentea
242 608 458 702 lustramenta
471 613 586 698 fuere,
611 624 750 703 prorsus
764 635 882 703 qnasr
848 614 921 682 ad
934 598 1071 706 epulas,
1094 638 1163 683 non
1234 632 1256 651 *‘

48 716 104 785 ad
121 717 215 807 bella
227 727 419 822 pergerent
470 716 674 786 Advenienti
691 717 866 815 Antiocho
892 719 989 787 multi
1003 717 1163 789 Oriente·
1191 725 1235 792 5·
1284 677 1295 773 ι’
1352 762 1358 775 1

50 820 110 890 les
134 843 235 912 reges
257 820 454 905 occurrere,
479 819 650 890 tradentes
665 843 700 890 se
716 843 892 914 regnaque
906 844 982 911 sua,
1007 845 1087 892 oum
1104 844 1164 891 ex*

45 927 248 995 sectatione
270 922 448 1015 superbiae
467 923 657 994 Parthicae
716 925 791 996 Nec
816 948 913 994 mora
937 926 1165 1018 congressioni
1193 937 1214 998 6

47 1028 137 1097 fuit.
187 1027 394 1116 Antiochus,
417 1027 524 1096 tribus
551 1028 690 1119 proeliis
716 1028 845 1115 motor,
876 1051 982 1119 quum
1011 1031 1167 1119 Babylo·
1206 1030 1210 1041 ’
1295 1032 1305 1041 “

51 1133 153 1202 niam
169 1142 383 1225 occupasset,
410 1155 553 1225 maguus
568 1131 688 1200 haberi
701 1133 826 1223 eoepit.
877 1132 997 1227 ltaque
1012 1133 1166 1201 omnibus
1217 1204 1219 1207 ,

54 1235 106 1307 ad
120 1259 200 1309 euur
214 1236 353 1328 populis
368 1235 620 1321 deficientibus,
647 1235 733 1304 nihil
748 1234 881 1311 Parthis
894 1238 1015 1326 reliqui
1031 1245 1168 1328 practer

53 1341 191 1432 patrios
205 1341 287 1408 lines
309 1341 384 1409 fuit.
434 1341 536 1409 Tunc
548 1337 741 1411 Phrahates
755 1340 965 1409 Demetrium
978 1343 1013 1409 in
1030 1343 1174 1430 Syriam
1195 1354 1228 1416 7*

27 1508 34 1515 .
56 1442 109 1512 ad
125 1444 364 1535 occupandum
377 1465 522 1536 regnum
535 1466 612 1513 cum
628 1443 790 1511 Parthico
804 1444 976 1539 praesidio
993 1444 1113 1528 mittit,
1132 1454 1170 1512 nt
1210 1447 1219 1467 ¹

57 1570 105 1617 eo
130 1557 234 1639 pacto
250 1546 440 1618 Antiochus
460 1546 505 1615 ad
526 1570 586 1616 sua
601 1547 728 1615 tuenda
748 1571 769 1614 a
789 1547 929 1615 Parthia
942 1556 1211 1617 revocaretur
1216 1594 1220 1602 ·
1247 1576 1254 1581 ·

56 1651 219 1737 Interim,
245 1651 405 1740 quoniam
417 1651 540 1721 viribus
556 1673 625 1719 uon
637 1659 791 1742 poterat,
817 1651 943 1719 insidiis
960 1649 1179 1722 Antiochum

57 1755 192 1843 ubique
207 1757 366 1824 tentabat
417 1754 565 1845 Propter
585 1740 834 1823 multitudinem
847 1753 1025 1847 homiuum
1043 1755 1172 1845 exerui·
1197 1764 1218 1829 8
1269 1744 1271 1749 ’

58 1868 137 1928 tum
165 1882 263 1928 suum
292 1857 482 1939 Antiochus
507 1881 571 1950 per
595 1858 782 1927 civitates
769 1881 806 1937 ιιι
828 1836 973 1927 hiberna
997 1841 1215 1927 diviserat:

58 1986 154 2052 quoe
175 1982 229 2030 res
248 1961 337 2030 exitii
361 1982 461 2033 cansa
488 1962 563 2032 fuit.
613 1961 703 2028 Nam
719 1983 824 2050 quum
847 1962 1030 2055 gravarise
1048 1963 1218 2054 οορίῖι-
1231 2028 1236 2039 ,

59 2090 141 2137 rum
165 2065 377 2157 praebitione
400 2074 434 2134 et
452 2063 577 2132 iniuriis
596 2064 743 2133 militum
764 2066 914 2135 civitates
927 2065 1097 2155 viderent,
1124 2052 1214 2133 ad

60 2169 211 2240 Parthos
233 2169 411 2251 deficiuut3
437 2177 471 2237 et
492 2167 549 2237 die
571 2176 693 2238 statuta
716 2186 831 2259 omues
851 2169 944 2261 apud
959 2193 1004 2239 se
1026 2116 1186 2237 divisum
1250 2184 1252 2188 ·
1300 2158 1312 2169 ”’

63 2256 250 2343 exercitum
275 2296 340 2365 per
360 2263 512 2363 iusidias,
537 2294 580 2340 ne
602 2271 746 2355 invicem
767 2253 857 2341 terre
877 2274 998 2343 auxilia
1022 2282 1169 2364 possent,

64 2376 322 2469 aggrediuntur.
376 2376 475 2461 Quae
490 2395 595 2465 quum
608 2376 757 2443 nuntiata
772 2376 944 2470 Antiocho
959 2386 1081 2460 esseut,
1109 2399 1171 2444 au·
1197 2388 1218 2451 9
1322 2362 1328 2370 ’

61 2481 183 2548 xilium
205 2479 366 2571 proximis
381 2480 527 2563 laturus,
554 2499 633 2548 oum
654 2502 695 2547 ea
716 2502 843 2564 manu,
862 2501 950 2568 quae
963 2502 1078 2549 seeum
1095 2479 1172 2548 hie-
1210 2510 1214 2519 ·
1327 2495 1330 2508 ·

63 2584 201 2671 mahat,
226 2582 456 2677 progreditur.
493 2582 533 2651 lu
545 2582 666 2649 itmere
681 2582 818 2649 obvium
832 2605 950 2674 regem
967 2582 1173 2652 Parthorum
1196 2652 1201 2666 ,

63 2686 209 2773 hahuit,
236 2687 395 2754 adversus
409 2706 511 2774 quem
526 2683 663 2774 fortius,
690 2699 793 2774 quam
811 2687 972 2757 exereitus
987 2686 1058 2755 eius
1073 2685 1174 2752 dimi-

67 2791 168 2861 cavit.
221 2788 278 2858 Ad
293 2799 503 2901 postremum
516 2798 650 2874 tamen,
678 2812 783 2877 quum
796 2790 916 2858 nrtnte
928 2789 1089 2859 hostes
1058 2811 1173 2857 vrnce-
1155 2797 1224 2859 -10
1319 2834 1323 2843 ‚

66 2887 164 2976 rent,
188 2902 280 2962 metu
293 2913 431 2960 suorum
426 2886 632 2982 desertum
633 2891 813 2962 occiditur:
839 2915 893 2962 cnr
882 2891 1099 2960 Phrahates
1114 2875 1174 2960 eir-

67 2992 203 3090 seqnias
224 2997 321 3086 regio
344 2990 440 3063 rriore
463 2996 562 3083 fecit,
586 2995 762 3084 filiamque
786 2995 967 3083 Demetrii,
994 3019 1098 3084 quam
1119 3017 1175 3063 se·
1225 3024 1231 3033 ι

68 3122 152 3173 eum
170 3097 370 3170 'Antiochus
393 3097 599 3182 adduxerat,
627 3109 746 3188 captus
770 3121 886 3167 amore
908 3099 1063 3190 virginis,
1089 3119 1175 3165 uro-

51 3216 143 3297 ,rem
159 3203 263 3276 duxit.
315 3202 495 3270 Poeuitere
509 3199 633 3269 deiude
647 3201 775 3277 dimissi
787 3193 1104 3292 Demetrii'coepit:
1130 3201 1221 3270 adll
1291 3162 1350 3237 'A‘

71 3418 75 3429 ¹
141 3402 164 3472 ᾖ.
182 3404 210 3459 8.
227 3405 364 3476 copiarum
383 3399 564 3474 plochiaer'one.
607 3405 695 3466 Unter
713 3403 808 3474 copiae
827 3399 863 3454 ist
879 3399 941 3453 hier
958 3399 1028 3453 aller
1047 3397 1096 3451 das
1113 3417 1146 3451 ιιι
1164 3417 1228 3451 ver·

68 3489 186 3557 slehen,
204 3506 260 3540 war
277 3490 339 3556 jene
357 3492 446 3542 Lente
463 3504 500 3540 an
516 3478 739 3542 'Lehmomimln-
751 3487 809 3540 und
827 3504 862 3540 ιιι
880 3487 965 3540 allero
990 3489 1103 3560 dirigeto
1122 3488 1229 3558 Bedarf

37 3638 48 3646 ‚
68 3579 138 3633 dem
156 3566 309 3629 Antiochus
325 3576 428 3629 lietera
446 3582 580 3628 musanen.
615 3577 641 3625 S.
661 3572 707 3626 die
724 3578 852 3628 Anmerk.
870 3591 904 3626 ιιι
922 3574 955 3639 V,
973 3576 1006 3638 8,
1022 3574 1050 3627 2.

144 3665 165 3733 ξ.
185 3667 226 3719 11.
245 3668 386 3736 poenitere
400 3664 499 3717 deinde
511 3664 623 3729 „dimissi
635 3663 771 3713 Demetrii
783 3665 879 3734 coepit.
916 3664 1059 3714 Poenitere
1073 3657 1142 3709 wird
1157 3658 1228 3735 hier,

69 3770 156 3808 wenn
173 3767 240 3803 man
256 3750 335 3802 nicht
359 3759 432 3802 elwa
455 3747 509 3800 don
534 3745 679 3800 lacunatis
704 3744 755 3800 der
770 3749 873 3800 Person
892 3750 1029 3817 erga‘nzeu
1043 3744 1119 3809 will,
1135 3762 1229 3813 perso·

69 3839 177 3895 naliter
193 3835 355 3901 consuunt,
373 3834 426 3888 wie
444 3822 606 3903 xxxr,'6,
623 3835 655 3889 6:
674 3853 757 3906 quum
767 3837 797 3888 in
809 3838 949 3888 Arium-
954 3835 1132 3906 pervenisset,
1150 3847 1231 3900 poe*

69 3918 200 3981 nitere
224 3920 396 3994 neglecti·
414 3920 572 3993 consilii
595 3920 729 3989 coepit.
778 3920 885 3989 x1,³,
903 3921 936 3975 3:
965 3920 1019 3973 Sed
1039 3920 1231 3983 Athenienses,

70 4017 158 4069 sicuti
167 4014 252 4086 primi
265 4010 437 4078 defecerant,
461 4013 503 4062 ita
520 4010 605 4082 primi
623 4006 818 4078 poenitere
836 4011 1049 4077 coeperunt.
1089 4003 1146 4056 Aul
1161 4003 1230 4074 glei-

72 4098 129 4153 ohe
145 4098 237 4152 Weiss
254 4097 332 4149 lesen
349 4094 480 4150 mehrere
501 4095 719 4149 Handschrilten
736 4095 817 4167 XHI,
838 4098 871 4160 1,
890 4094 922 4148 5:
950 4104 1039 4161 quae
1056 4094 1233 4162 msam-
1288 4088 1298 4102 ”

44 4196 61 4209 ”
72 4190 123 4260 gio
136 4199 231 4239 tantae
247 4187 403 4239 maiestatis
418 4186 448 4236 in
463 4172 654 4254 captivitatem
668 4181 823 4234 redacta
835 4207 871 4219 -·
888 4182 917 4231 in
932 4199 996 4239 eum,
1004 4179 1075 4231 diem
1089 4181 1165 4230 ιιὶιιιι
1179 4198 1237 4253 nont

72 4269 324 4343 poenituerat.
358 4269 468 4321 Ebenso
487 4272 542 4324 uic.
559 4273 638 4323 Tusc-
656 4271 694 4336 V,
711 4270 764 4323 28>
784 4266 924 4337 Sapientis
936 4278 978 4317 est
987 4266 1137 4335 proprium,
1155 4267 1234 4327 mult,

75 4361 149 4434 quod
166 4356 359 4428 poenitere
375 4355 504 4443 puerit,
514 4356 632 4429 focem
649 4350 993 4425 vergl.d‘01nvent.11,1³.
1028 4354 1092 4406 Liv.
1106 4353 1233 4433 XXXVI,
1275 4333 1286 4344 ’
