2825 4859
429 847 634 921 arnan
681 841 826 947 xuni
898 794 910 807 ²

522 1057 730 1075 m

191 1226 220 1273 μ
326 1200 656 1314 aauvmnrulu
683 1202 924 1293 οιιιιιιιι
1047 1181 1050 1187 ’

51 1330 77 1392 1.
99 1322 202 1385 Aetoli
216 1322 356 1384 libertate
370 1323 548 1402 spoliantur
590 1324 717 1385 Bellum
730 1326 810 1384 inter
822 1324 988 1387 Messeniis
1007 1333 1039 1386 et
1057 1322 1227 1388 Achaeos.

132 1401 351 1555 Philopl'ocimen
372 1417 480 1490 captus
505 1418 535 1470 at
560 1427 679 1477 veneno
700 1412 913 1492 interemptus:
936 1410 1018 1471 unde
1037 1412 1206 1474 Messenio·
1297 1396 1300 1447 i

131 1514 204 1554 rum
220 1517 236 1554 c
250 1517 265 1552 a
289 1514 320 1553 aa
683 1512 686 1525 ·

51 1592 79 1654 2.
100 1573 196 1642 Antio
201 1580 273 1642 chus
289 1581 399 1659 Syrus,
423 1578 495 1638 dum
519 1527 678 1659 sacfilegio
703 1579 763 1639 sibi
780 1579 944 1661 providere
959 1589 1063 1661 putat,
1086 1582 1205 1643 interii·

133 1662 227 1730 (itur.
270 1661 396 1724 Se'nntua
413 1665 565 1724 Romanus
581 1664 721 1744 Philippo
736 1666 836 1745 parcit
853 1665 891 1724 ob
910 1666 1054 1726 Demetrii
1068 1666 1167 1727 filii
1137 1689 1205 1729 vrr-

131 1763 249 1834 tutam:
272 1770 321 1810 cm
312 1744 461 1810 Perseus
481 1751 575 1811 frater
593 1751 728 1828 invidet,
751 1760 781 1811 et
792 1752 1013 1812 Demetrium
1004 1755 1106 1834 impiis
1126 1758 1205 1814 arti-

130 1841 193 1901 bus
211 1824 250 1899 de
265 1836 364 1897 medio
376 1835 505 1899 tollit
703 1868 706 1881 ι

53 1931 80 1994 3.
99 1927 235 2005 Philippi
254 1923 368 1998 obitus,
391 1924 421 1980 et
436 1906 506 1980 belli
522 1929 685 2009 apparatus
703 1920 849 1981 adversus
864 1922 1032 2000 Romanoa,
1056 1924 1150 1984 Gallia
1164 1925 1205 1986 ad

131 2010 227 2087 huius
251 2007 323 2067 belli
348 2009 520 2068 sociotatem
540 2006 718 2088 pertractis:
749 2008 788 2095 de
818 2016 949 2103 quorum
975 2009 1206 2088 migrationibus

133 2082 298 2156 subiicitur
309 2091 454 2158 narratio.

55 2186 82 2250 4.
100 2183 221 2243 Bellum
239 2179 318 2237 inter
337 2177 473 2237 Prusiam
498 2185 528 2236 et
552 2177 732 2254 Eumenem,
756 2177 808 2237 in
821 2198 901 2257 quo
899 2177 1082 2240 Hannibalis
1111 2201 1206 2261 opera

134 2266 258 2327 Prusias
282 2263 421 2343 superior
434 2262 560 2322 evadit.
611 2242 688 2322 Pube
709 2264 789 2322 inter
809 2282 897 2340 reges
918 2266 1057 2341 sancita,
1077 2267 1206 2326 Romani

128 2349 331 2413 Hannibalem
345 2357 580 2430 persequuntur.
616 2348 645 2407 Ia
658 2331 768 2407 hausto
780 2367 897 2407 veneno
913 2349 1091 2427 legationem
1107 2361 1206 2443 morte

86 2434 306 2527 praevenit.
348 2433 534 2495 Adiunctum
547 2433 681 2495 eiusdem
694 2432 871 2494 Hannibalis
887 2434 1026 2515 elogium.

492 2777 683 2849 carun
733 2778 762 2848 ι
823 2777 825 2780 ·
937 2742 941 2753 ‘

59 2891 248 3020 Ᾱιιτοιι,
266 2936 325 3025 qni
348 2931 556 3025 Antiochum
579 2934 614 3002 in
634 2935 729 3003 bella
752 2934 910 3002 Romana
929 2930 1154 3024 impulerant,
1181 2944 1201 3009 1

58 3040 143 3111 ricto
159 3039 300 3123 eodem,
326 3041 389 3107 soli
402 3039 562 3107 adversus
580 3039 773 3122 Romanos,
801 3046 835 3106 et
857 3038 981 3106 viribus
994 3040 1203 3215 impares,2
1183 3030 1199 3081 ἶ

61 3154 90 3212 ct
103 3169 194 3215 cmm
181 3143 336 3229 'auxilio
352 3141 514 3225 destituti,
539 3151 785 3219 remanserunt:
809 3164 873 3211 nec
885 3138 994 3210 multo
1009 3153 1088 3233 post
1099 3146 1152 3212 vi·

32 3232 101 3316 ⁴cti
128 3250 336 3332 libertatem,
370 3270 472 3337 quam
507 3244 671 3321 illibatam
701 3245 859 3312 adversus
888 3154 1203 3352 ιίοιιιίιιειιίοιιιιιι2

61 3351 310 3443 Atheniensium
331 3359 365 3419 et
384 3346 627 3440 Spartanorum
647 3347 732 3415 inter
749 3342 799 3415 tot
824 3347 988 3417 Graeciae
1004 3329 1194 3418 civitates

60 3456 118 3522 soh
130 3457 348 3539 retinuerant
373 3455 563 3520 amiserunt.
615 3449 714 3534 Quae
730 3449 985 3520 conditionum
1003 3455 1201 3533 amarior8
1241 3454 1265 3524 f

21 3628 25 3637 ,
60 3556 135 3646 illis,
162 3567 287 3648 quanto
311 3556 415 3626 serior
431 3556 512 3639 fuit,
537 3554 768 3645 reputantibus
791 3563 948 3645 tempora
970 3555 1048 3640 illa,
1075 3559 1153 3646 qui-

62 3660 118 3734 bus
131 3663 228 3759 tantis
243 3652 421 3734 Persarum
435 3659 576 3752 opibus,
601 3656 792 3758 domesticis
811 3659 936 3733 viribus
953 3660 1153 3742 restiterant;

514 3859 583 3924 Lib.
603 3858 733 3923 xxxlt.

125 3985 195 4049 Car..
207 3983 229 4036 1.
244 3974 270 4052 ξ.
289 3983 315 4041 3.
338 3977 507 4036 restiterunt.
548 3960 579 4033 in
603 3979 754 4034 mehreren
769 3975 991 4033 Haadschriften
1006 3977 1078 4035 wind
1093 3984 1204 4036 restire-

24 4078 29 4085 “
63 4072 128 4139 rint,
148 4070 208 4125 und
229 4068 270 4122 im
291 4063 453 4140 Folgenden
470 4068 611 4140 fregerint
636 4065 766 4138 gelescit,
785 4063 906 4117 welches
927 4081 984 4117 von
1005 4061 1079 4119 Abr.
1094 4071 1203 4123 Gronov

65 4157 130 4210 such
153 4158 370 4228 ausgenommen
392 4153 508 4207 worden
519 4153 581 4219 dat.
618 4152 715 4206 Durch
739 4151 792 4203 den
818 4150 982 4217 Coniunctis
998 4153 1111 4205 werden
1128 4153 1204 4208 diere

64 4240 136 4296 Sitne
152 4243 204 4297 aul
219 4243 264 4295 die
282 4241 437 4297 Godanlsen
461 4242 512 4295 der
527 4238 642 4307 Aetolos
666 4236 887 4309 iibergetrsgem
910 4237 969 4293 und
984 4254 1016 4291 so
1027 4248 1102 4292 aaut
1118 4241 1203 4293 aller-

65 4325 137 4402 disus
158 4329 246 4385 lustin
269 4345 306 4382 an
322 4329 430 4383 andern
446 4327 550 4383 stellen
571 4325 620 4381 bei
635 4324 764 4400 reputare
784 4323 840 4377 den
858 4324 1038 4393 conjunctim
1062 4328 1149 4400 sargl.
1166 4334 1216 4400 ll.
